@inproceedings{sap,
author = {Tracy, Daniel and Buss, Samuel and M. Woods, Bryan},
year = {2009},
month = {03},
pages = {191-198},
title = {Efficient Large-Scale Sweep and Prune Methods with AABB Insertion and Removal},
journal = {Proceedings - IEEE Virtual Reality},
doi = {10.1109/VR.2009.4811022}
}

@inproceedings{Grant,
 author = {Grant, Charles W.},
 title = {Integrated Analytic Spatial and Temporal Anti-aliasing for Polyhedra in 4-space},
 booktitle = {Proceedings of the 12th Annual Conference on Computer Graphics and Interactive Techniques},
 series = {SIGGRAPH '85},
 year = {1985},
 isbn = {0-89791-166-0},
 pages = {79--84},
 numpages = {6},
 url = {http://doi.acm.org/10.1145/325334.325184},
 doi = {10.1145/325334.325184},
 acmid = {325184},
 publisher = {ACM},
 address = {New York, NY, USA},
 keywords = {anti-aliasing, filtering algorithms, motion blur, scan-line algorithms, temporal anti-aliasing, visible surface algorithms},
} 


@article{Moore,
 author = {Moore, Matthew and Wilhelms, Jane},
 title = {Collision Detection and Response for Computer Animation},
 journal = {SIGGRAPH Comput. Graph.},
 issue_date = {Aug. 1988},
 volume = {22},
 number = {4},
 month = jun,
 year = {1988},
 issn = {0097-8930},
 pages = {289--298},
 numpages = {10},
 url = {http://doi.acm.org/10.1145/378456.378528},
 doi = {10.1145/378456.378528},
 acmid = {378528},
 publisher = {ACM},
 address = {New York, NY, USA},
 keywords = {analytical solution, collision detection, collision response, computer animation, dynamical simulation},
} 

@article{unity,
	title={Unity FiexedUpdate},
	howpublished = "\url{https://docs.unity3d.com/ScriptReference/MonoBehaviour.FixedUpdate.html}"
}

@article{importance,
	title={The Importance of Frame Rates},
	howpublished = "\url{https://help.irisvr.com/hc/en-us/articles/215884547-The-Importance-of-Frame-Rates}"

}

@article{haptic,
	title={{Performance improvement of haptic collision 
	detection using subdivision surface and sphere clustering}},
	howpublished = "\url{https://pdfs.semanticscholar.org/8588/8f971d096f9983bdcd701374edc4e8b6fab1.pdf}"
}

@report{music,
	title={{Global Music Report 2018}},
	howpublished = "\url{https://www.ifpi.org/downloads/GMR2018.pdf}"
}

@report{movie,
	title={{Global box office revenue}},
	howpublished = "\url{https://www.statista.com/statistics/271856/global-box-office-revenue/}"
}

@report{game_industry,
	title={{Value of the global video games market}},
	howpublished = "\url{https://www.statista.com/statistics/246888/value-of-the-global-video-game-market/}"
}
