@article{obb,
author = {Manocha, Dinesh and Lin, Ming and P. Brooks, Frederick and Gottschalk, Stefan},
year = {2000},
title = {Collision Queries using Oriented Bounding Boxes}
}

@book{glavnaKnjiga,
 author = {Ericson, Christer},
 title = {Real-Time Collision Detection},
 year = {2004},
 publisher = {CRC Press, Inc.},
} 

@article{cells,
author = {J. Teller, Seth and Sequin, Carlo},
year = {2000},
title = {Visibility Preprocessing For Interactive Walkthroughs},
journal = {ACM SIGGRAPH Computer Graphics},
}

@article{glavna1,
 author = {Weller René},
 title = {New geometric data structures for collision detection},
 month = sept,
 year = {2012},
} 

@article{Phong,
 author = {Phong, Bui Tuong},
 title = {Illumination for Computer Generated Pictures},
 year = {1975},
 url = {http://doi.acm.org/10.1145/360825.360839},
 publisher = {ACM},
} 

@online{freeglut,
	key={Freeglut},
	title={{Freeglut}},
	howpublished = "\url{http://freeglut.sourceforge.net}",
	url = {http://freeglut.sourceforge.net}
}

@InProceedings{glavna2,
author="Bruce, James
and Veloso, Manuela",
title="Real-Time Multi-Robot Motion Planning with Safe Dynamics",
year="2005",
}


@inproceedings{sap,
author = {Tracy, Daniel and Buss, Samuel and M. Woods, Bryan},
year = {2009},
title = {Efficient Large-Scale Sweep and Prune Methods with AABB Insertion and Removal},
journal = {Proceedings - IEEE Virtual Reality},
}

@inproceedings{Grant,
 author = {Grant, Charles W.},
 title = {Integrated Analytic Spatial and Temporal Anti-aliasing for Polyhedra in 4-space},
 year = {1985},
} 

@article{Moore,
 author = {Moore, Matthew and Wilhelms, Jane},
 title = {Collision Detection and Response for Computer Animation},
 journal = {SIGGRAPH Comput. Graph.},
 year = {1988},
} 

@online{rgpdf,
	title={{Skripta iz Racunarske grafike}},
 	author = {Vesna Marinkovic and Predrag Janičić},
	howpublished = "\url{http://poincare.matf.bg.ac.rs/~vesnap/grafika/rg.pdf}",
	url = {http://poincare.matf.bg.ac.rs/~vesnap/grafika/rg.pdf}
}

@online{unity,
	key={Unity FixedUpdate},
	title={{Unity FixedUpdate}},
	howpublished = "\url{https://docs.unity3d.com/ScriptReference/MonoBehaviour.FixedUpdate.html}",
	url = {https://docs.unity3d.com/ScriptReference/MonoBehaviour.FixedUpdate.html}
}

@online{importance,
	key={The Importance of Frame Rates},
	title={{The Importance of Frame Rates}},
	howpublished = "\url{https://help.irisvr.com/hc/en-us/articles/215884547-The-Importance-of-Frame-Rates}",
	url = {https://help.irisvr.com/hc/en-us/articles/215884547-The-Importance-of-Frame-Rates}
}

@online{haptic,
	key={Performance improvement of haptic collision 
	detection using subdivision surface and sphere clustering},
	title={{Performance improvement of haptic collision 
	detection using subdivision surface and sphere clustering}},
	howpublished = "\url{https://pdfs.semanticscholar.org/8588/8f971d096f9983bdcd701374edc4e8b6fab1.pdf}",
	url = {https://pdfs.semanticscholar.org/8588/8f971d096f9983bdcd701374edc4e8b6fab1.pdf}
}

@online{music,
	key={Global Music Report 2018},
	title={{Global Music Report 2018}},
	howpublished = "\url{https://www.ifpi.org/downloads/GMR2018.pdf}",
	url = {https://www.ifpi.org/downloads/GMR2018.pdf}
}

@report{movie,
	key={Global box office revenue},
	title={{Global box office revenue}},
	howpublished = "\url{https://www.statista.com/statistics/271856/global-box-office-revenue/}",
	url = {https://www.statista.com/statistics/271856/global-box-office-revenue/}
}

@report{game_industry,
	key={Value of the global video games market},
	title={{Value of the global video games market}},
	howpublished = "\url{https://www.statista.com/statistics/292056/video-game-market-value-worldwide/}",
	url = {https://www.statista.com/statistics/292056/video-game-market-value-worldwide/}
}
